00586cas a22002291a 4500
001 9917738223502836
003 Nz
005 20161223172957.0
008 040114d18801883nz  r ne      0   0 eng d
035    $a (Nz)8185190
035    $a (OCoLC)947774583
035    $a (NLNZils)1773822
035    $a (NLNZils)1773822-ilsdb
040    $a WN $c WN
042    $a nznb
043    $a u-nz---
245 00 $a Waikato mail.
260    $a Cambridge [N.Z.]
310    $a Three no. a week
362 0  $a 1880 Sep.1-1883?
651  0 $a Waikato District (N.Z.) $v Newspapers.
655  7 $a New Zealand newspapers. $2 local $5 Nz
